<record><leader>00000cas a2200000 a 4500</leader><controlfield tag="001">11765478</controlfield><controlfield tag="008">850305d18851886ksuwr ne      0   a0eng d</controlfield><datafield ind1=" " ind2=" " tag="010"><subfield code="a">sn 84030292 </subfield></datafield><datafield ind1=" " ind2=" " tag="040"><subfield code="a">KSH</subfield><subfield code="b">eng</subfield><subfield code="c">KSH</subfield><subfield code="d">NPT</subfield><subfield code="d">OCL</subfield><subfield code="d">OCLCQ</subfield></datafield><datafield ind1=" " ind2=" " tag="042"><subfield code="a">msc</subfield></datafield><datafield ind1="0" ind2=" " tag="130"><subfield code="a">Sunflower (Reece, Kan.)</subfield></datafield><datafield ind1="1" ind2="4" tag="245"><subfield code="a">The sunflower.</subfield></datafield><datafield ind1=" " ind2=" " tag="260"><subfield code="a">Reece, Kan. :</subfield><subfield code="b">W.H. Jones,</subfield><subfield code="c">1885-</subfield></datafield><datafield ind1=" " ind2=" " tag="300"><subfield code="a">v. ;</subfield><subfield code="c">60 cm.</subfield></datafield><datafield ind1=" " ind2=" " tag="310"><subfield code="a">Weekly</subfield></datafield><datafield ind1="0" ind2=" " tag="362"><subfield code="a">Vol. 1, no. 1 (May 23, 1885)-</subfield></datafield><datafield ind1="1" ind2=" " tag="362"><subfield code="a">Ceased with Oct. 2, 1886 issue?</subfield></datafield><datafield ind1=" " ind2=" " tag="500"><subfield code="a">Published by W.S. Reece, Oct. 17, 1885-</subfield></datafield><datafield ind1=" " ind2=" " tag="752"><subfield code="a">United States</subfield><subfield code="b">Kansas</subfield><subfield code="c">Greenwood</subfield><subfield code="d">Reece.</subfield></datafield></record>